<record><leader>00000cas a22000007a 4500</leader><controlfield tag="001">12327967</controlfield><controlfield tag="008">850731d18881890iauwr ne      0    0eng d</controlfield><datafield ind1=" " ind2=" " tag="010"><subfield code="a">sn 85049696 </subfield></datafield><datafield ind1=" " ind2=" " tag="040"><subfield code="a">INP</subfield><subfield code="b">eng</subfield><subfield code="c">INP</subfield><subfield code="d">OCLCQ</subfield></datafield><datafield ind1=" " ind2=" " tag="042"><subfield code="a">msc</subfield></datafield><datafield ind1="0" ind2=" " tag="130"><subfield code="a">Central City news-letter (Central City, Iowa : 1888)</subfield></datafield><datafield ind1="1" ind2="0" tag="245"><subfield code="a">Central City news-letter.</subfield></datafield><datafield ind1=" " ind2=" " tag="260"><subfield code="a">Central City, Iowa :</subfield><subfield code="b">Will McCormack,</subfield><subfield code="c">-1890.</subfield></datafield><datafield ind1=" " ind2=" " tag="300"><subfield code="a">v. :</subfield><subfield code="b">ill. ;</subfield><subfield code="c">54 cm.</subfield></datafield><datafield ind1=" " ind2=" " tag="310"><subfield code="a">Weekly</subfield></datafield><datafield ind1="0" ind2=" " tag="362"><subfield code="a">-v. 3, no. 1 (Feb. 27, 1890).</subfield></datafield><datafield ind1="1" ind2=" " tag="362"><subfield code="a">Began with Mar. 1, 1888 issue.</subfield><subfield code="z">Cf. Bibl. of Iowa newspapers.</subfield></datafield><datafield ind1=" " ind2=" " tag="588"><subfield code="a">Description based on: Vol. 1, no. 45 (Jan. 3, 1889).</subfield></datafield><datafield ind1=" " ind2=" " tag="752"><subfield code="a">United States</subfield><subfield code="b">Iowa</subfield><subfield code="c">Linn</subfield><subfield code="d">Central City.</subfield></datafield><datafield ind1="0" ind2="0" tag="785"><subfield code="t">Central City weekly news-letter</subfield><subfield code="w">(DLC)sn 85049697</subfield></datafield></record>